@inproceedings{wiering2000multi,
  title={Multi-agent reinforcement learning for traffic light control},
  author={Wiering, Marco and others},
  booktitle={ICML},
  pages={1151--1158},
  year={2000}
}

@inproceedings{kimura2001reinforcement,
  title={Reinforcement learning of walking behavior for a four-legged robot},
  author={Kimura, Hajime and Yamashita, Tom and Kobayashi, Shigenobu},
  booktitle={Decision and Control, 2001. Proceedings of the 40th IEEE Conference on},
  volume={1},
  pages={411--416},
  year={2001},
  organization={IEEE}
}

@article{abbeel2007application,
  title={An application of reinforcement learning to aerobatic helicopter flight},
  author={Abbeel, Pieter and Coates, Adam and Quigley, Morgan and Ng, Andrew Y},
  journal={Advances in neural information processing systems},
  volume={19},
  pages={1},
  year={2007},
  publisher={MIT; 1998}
}

@article{barto1996improving,
  title={Improving elevator performance using reinforcement learning},
  author={Barto, A and Crites, RH},
  journal={Advances in neural information processing systems},
  volume={8},
  pages={1017--1023},
  year={1996}
}

@incollection{coates2012learning,
  title={Learning feature representations with k-means},
  author={Coates, Adam and Ng, Andrew Y},
  booktitle={Neural Networks: Tricks of the Trade},
  pages={561--580},
  year={2012},
  publisher={Springer}
}

@inproceedings{li2014towards,
  title={Towards designing an email classification system using multi-view based semi-supervised learning},
  author={Li, Wenjuan and Meng, Weizhi and Tan, Zhiyuan and Xiang, Yang},
  booktitle={Trust, Security and Privacy in Computing and Communications (TrustCom), 2014 IEEE 13th International 
Conference on},
  pages={174--181},
  year={2014},
  organization={IEEE}
}

@article{koprinska2007learning,
  title={Learning to classify e-mail},
  author={Koprinska, Irena and Poon, Josiah and Clark, James and Chan, Jason},
  journal={Information Sciences},
  volume={177},
  number={10},
  pages={2167--2187},
  year={2007},
  publisher={Elsevier}
}

@inproceedings{firte2010spam,
  title={Spam detection filter using KNN algorithm and resampling},
  author={Firte, Loredana and Lemnaru, Camelia and Potolea, Rodica},
  booktitle={Proceedings of the 2010 IEEE 6th International Conference on Intelligent Computer Communication and 
Processing},
  pages={27--33},
  year={2010},
  organization={IEEE}
}

@article{lakshmi2010supervised,
  title={Supervised Learning Approach for Spam Classification Analysis using Data Mining Tools},
  author={Lakshmi, R Deepa},
  year={2010},
  publisher={Citeseer}
}

@inproceedings{lakshmi2010spam,
  title={Spam classification using supervised learning techniques},
  author={Lakshmi, R Deepa and Radha, N},
  booktitle={Proceedings of the 1st Amrita ACM-W Celebration on Women in Computing in India},
  pages={66},
  year={2010},
  organization={ACM}
}

@article{marsono2008binary,
  title={Binary LNS-based na{\"\i}ve Bayes inference engine for spam control: noise analysis and FPGA implementation},
  author={Marsono, Muhammad N and El-Kharashi, M Watheq and Gebali, Fayez},
  journal={Computers \& Digital Techniques, IET},
  volume={2},
  number={1},
  pages={56--62},
  year={2008},
  publisher={IET}
}

@article{mccarthy2007artificial,
  title={What is artificial intelligence},
  author={McCarthy, John},
  journal={URL: http://www-formal. stanford. edu/jmc/whatisai. html},
  pages={38},
  year={2007}
}

@book{L.:2010:AIF:1809744,
 author = {L., Poole David and K., Mackworth Alan},
 title = {Artificial Intelligence: Foundations of Computational Agents},
 year = {2010},
 isbn = {0521519004, 9780521519007},
 publisher = {Cambridge University Press},
 address = {New York, NY, USA},
} 

@article{domingos2012few,
  title={A few useful things to know about machine learning},
  author={Domingos, Pedro},
  journal={Communications of the ACM},
  volume={55},
  number={10},
  pages={78--87},
  year={2012},
  publisher={ACM}
}

